<?xml version="1.0" encoding="UTF-8"?><collection xmlns="http://www.loc.gov/MARC21/slim"><record><leader>00406nam--2200133-i-4500</leader><controlfield tag="001">000025534</controlfield><controlfield tag="002">20161230</controlfield><controlfield tag="005">20161230201036</controlfield><controlfield tag="008">060222s1000------------r-----000-0-eng-d</controlfield><datafield ind1=" " ind2=" " tag="100"><subfield code="a">Jukov, L.A.Si Venikov, V.A</subfield></datafield><datafield ind1=" " ind2=" " tag="245"><subfield code="a">Procesele tranzitorii in sistemele electrice. trad.din l.rusa</subfield></datafield><datafield ind1=" " ind2=" " tag="260"><subfield code="a">Bucuresti, Ed.Energ.De Stat, 1954, 224p</subfield></datafield><datafield ind1=" " ind2=" " tag="490"><subfield code="a">Min.Energ.Electr.Si Industr.Electrotehnice</subfield></datafield><datafield ind1=" " ind2=" " tag="852"><subfield code="a">3710</subfield></datafield></record></collection>